@INPROCEEDINGS{PWM_Solenoid,
    author={Kodama, Keita and Koutaki, Gou},
    booktitle={2019 IEEE 8th Global Conference on Consumer Electronics (GCCE)},
    title={Development of guitar playing robot by PWM control of solenoid},
    year={2019},
    volume={},
    number={},
    pages={291-293},
    doi={10.1109/GCCE46687.2019.9015587}
}

@ARTICLE{Silent_Picking,
    author={Li, Chih-Hung Gilbert and Lin, Ming-Chang and Bautista, Basil Aloysius P. and To, Bettina Elise},
    journal={IEEE/ASME Transactions on Mechatronics}, 
    title={A Low-Noise Guitar Robot Featuring a New Class of Silent Actuators}, 
    year={2019},
    volume={24},
    number={4},
    pages={1577-1585},
    doi={10.1109/TMECH.2019.2916647}
}

@inproceedings{GuitarBot,
    author = {Singer, Eric and Larke, Kevin and Bianciardi, David},
    year = {2003},
    month = {01},
    pages = {188-191},
    title = {LEMUR GuitarBot: MIDI Robotic String Instrument.}
}

@ARTICLE{VUW_Chordophones,
    author={Carnegie, Dale A. and Murphy, Jim W. and Placencia, Juan Pablo Yepez},
    journal={IEEE Access}, 
    title={Designing Mechatronic Musical Instruments: The Guitar}, 
    year={2020},
    volume={8},
    number={},
    pages={57372-57388},
    doi={10.1109/ACCESS.2020.2981052}
}

@misc{barton_2019,
    title={Tempo Mecho | SCOTT BARTON},
    url={http://scottbarton.info/tempo-mecho/},
    journal={Scottbarton.info},
    author={Barton, Scott},
    year={2019}
}

@inproceedings{Vindriis2016StrumBotAnOO,
    title={StrumBotâ€”An Overview of a Strumming Guitar Robot},
    author={Richard Vindriis and D. Carnegie},
    booktitle={NIME},
    year={2016}
}

@misc{jank_strumming_bot,
    title={Strumbot: The Guitar That Strums Itself},
    url={https://hackaday.com/2018/01/31/strumbot-the-guitar-that-strums-itself/},
    journal={Hackaday},
    author={Fabio, Adam},
    year={2018}
}

@misc{MindstormsStrum,
    title={LEGO Robot Plays 'Little Talks' by Of Monsters & Men on Guitar},
    url={https://robots.wonderhowto.com/news/lego-robot-plays-little-talks-by-monsters-men-guitar-0175733/},
    journal={WonderHowTo},
    author={Puccio, Katie},
    year={2017}
}

@misc{Pivot_Picking,
    title={Adaptive Guitar},
    url={https://hackaday.io/project/26088-adaptive-guitar},
    journal={Hackaday.io},
    year={2017},
    author={Joe}
}

@inproceedings{pickspeed,
  title={A comparison of pick-based strategies for robotic bass playing},
  author={Vindriis, Richard and Carnegie, DA and Kapur, A},
  booktitle={Proceedings of the 2011 Electronics New Zealand Conference},
  year={2011},
  organization={Citeseer}
}